@book{pvt+92,
 author = {Press, William H. and Teukolsky, Saul A. and Vetterling, William T. and Flannery, Brian P.},
 title = {Numerical recipes in C (2nd ed.): the art of scientific computing},
 year = {1992},
 isbn = {0-521-43108-5},
 publisher = {Cambridge University Press},
 address = {New York, NY, USA},
 }
 
 @book{handbook,
  address       = {Cambridge, U.K.; New York, U.S.A},
  author        = {Lorimer, D.R. and Kramer, M.},
  cited         = {18 January 2005},
  edition       = {1st},
  format        = {print},
  keywords      = {Pulsars, Radio astronomy},
  onlineversion = {http://www.jb.man.ac.uk/pulsarhandbook},
  publisher     = {Cambridge University Press},
  series        = {Cambridge Observing Handbooks for Research Astronomers},
  title         = {Handbook of Pulsar Astronomy},
  volume        = {4},
  year          = {2005}
}

@ARTICLE{l08,
   author = {{Lorimer}, D.~R.},
    title = "{Binary and Millisecond Pulsars}",
  journal = {Living Reviews in Relativity},
archivePrefix = "arXiv",
   eprint = {0811.0762},
 keywords = {pulsars},
     year = 2008,
    month = nov,
   volume = 11,
    pages = {8-+},
   adsurl = {http://adsabs.harvard.edu/abs/2008LRR....11....8L},
  adsnote = {Provided by the SAO/NASA Astrophysics Data System}
}

@ARTICLE{vbs+08,
   author = {{Verbiest}, J.~P.~W. and {Bailes}, M. and {van Straten}, W. and 
	{Hobbs}, G.~B. and {Edwards}, R.~T. and {Manchester}, R.~N. and 
	{Bhat}, N.~D.~R. and {Sarkissian}, J.~M. and {Jacoby}, B.~A. and 
	{Kulkarni}, S.~R.},
    title = "{Precision Timing of PSR J0437-4715: An Accurate Pulsar Distance, a High Pulsar Mass, and a Limit on the Variation of Newton's Gravitational Constant}",
  journal = apj,
archivePrefix = "arXiv",
   eprint = {0801.2589},
 keywords = {Stars: Pulsars: Individual: Alphanumeric: PSR J0437-4715, Stars: Distances, Stars: Neutron},
     year = 2008,
    month = may,
   volume = 679,
    pages = {675-680},
      doi = {10.1086/529576},
   adsurl = {http://adsabs.harvard.edu/abs/2008ApJ...679..675V},
  adsnote = {Provided by the SAO/NASA Astrophysics Data System}
}

@ARTICLE{lb01,
   author = {{Lommen}, A.~N. and {Backer}, D.~C.},
    title = "{Using Pulsars to Detect Massive Black Hole Binaries via Gravitational Radiation: Sagittarius A* and Nearby Galaxies}",
  journal = apj,
   eprint = {arXiv:astro-ph/0107470},
 keywords = {Black Hole Physics, Galaxy: Center, Gravitational Waves, pulsars: individual (PSR B1937+21, PSR J1713+0747), Radio Continuum: General},
     year = 2001,
    month = nov,
   volume = 562,
    pages = {297-302},
      doi = {10.1086/323491},
   adsurl = {http://adsabs.harvard.edu/abs/2001ApJ...562..297L},
  adsnote = {Provided by the SAO/NASA Astrophysics Data System}
}

@INPROCEEDINGS{l02,
   author = {{Lommen}, A.~N.},
    title = "{New Limits on Gravitational Radiation using Pulsars}",
booktitle = {Neutron Stars, Pulsars, and Supernova Remnants},
     year = 2002,
   eprint = {arXiv:astro-ph/0208572},
   editor = "{W.~Becker, H.~Lesch, \& J.~Tr{\"u}mper}",
    pages = {114-+},
   adsurl = {http://adsabs.harvard.edu/abs/2002nsps.conf..114L},
  adsnote = {Provided by the SAO/NASA Astrophysics Data System}
}

@ARTICLE{jll+04,
   author = {{Jenet}, F.~A. and {Lommen}, A. and {Larson}, S.~L. and {Wen}, L.},
    title = "{Constraining the Properties of Supermassive Black Hole Systems Using Pulsar Timing: Application to 3C 66B}",
  journal = apj,
   eprint = {arXiv:astro-ph/0310276},
 keywords = {Black Hole Physics, Gravitational Waves, Stars: Pulsars: General, Stars: Pulsars: Individual: Alphanumeric: B1855+09},
     year = 2004,
    month = may,
   volume = 606,
    pages = {799-803},
      doi = {10.1086/383020},
   adsurl = {http://adsabs.harvard.edu/abs/2004ApJ...606..799J},
  adsnote = {Provided by the SAO/NASA Astrophysics Data System}
}


@ARTICLE{jhl+05,
   author = {{Jenet}, F.~A. and {Hobbs}, G.~B. and {Lee}, K.~J. and {Manchester}, R.~N.},
    title = "{Detecting the Stochastic Gravitational Wave Background Using Pulsar Timing}",
  journal = apjl,
   eprint = {arXiv:astro-ph/0504458},
 keywords = {Gravitational Waves, Stars: Pulsars: General},
     year = 2005,
    month = jun,
   volume = 625,
    pages = {L123-L126},
      doi = {10.1086/431220},
   adsurl = {http://adsabs.harvard.edu/abs/2005ApJ...625L.123J},
  adsnote = {Provided by the SAO/NASA Astrophysics Data System}
}

@ARTICLE{hem06,
   author = {{Hobbs}, G.~B. and {Edwards}, R.~T. and {Manchester}, R.~N.},
    title = "{TEMPO2, a new pulsar-timing package - I. An overview}",
  journal = mnras,
   eprint = {arXiv:astro-ph/0603381},
 keywords = {methods: data analysis: ephemerides: pulsars: general, methods: data analysis, ephemerides, pulsars: general},
     year = 2006,
    month = jun,
   volume = 369,
    pages = {655-672},
      doi = {10.1111/j.1365-2966.2006.10302.x},
   adsurl = {http://adsabs.harvard.edu/abs/2006MNRAS.369..655H},
  adsnote = {Provided by the SAO/NASA Astrophysics Data System}
}

@ARTICLE{ehm06,
   author = {{Edwards}, R.~T. and {Hobbs}, G.~B. and {Manchester}, R.~N.},
    title = "{TEMPO2, a new pulsar timing package - II. The timing model and precision estimates}",
  journal = mnras,
   eprint = {arXiv:astro-ph/0607664},
 keywords = {methods: data analysis, astrometry, celestial mechanics, time, pulsars: general},
     year = 2006,
    month = nov,
   volume = 372,
    pages = {1549-1574},
      doi = {10.1111/j.1365-2966.2006.10870.x},
   adsurl = {http://adsabs.harvard.edu/abs/2006MNRAS.372.1549E},
  adsnote = {Provided by the SAO/NASA Astrophysics Data System}
}

@ARTICLE{jhs+06,
   author = {{Jenet}, F.~A. and {Hobbs}, G.~B. and {van Straten}, W. and 
	{Manchester}, R.~N. and {Bailes}, M. and {Verbiest}, J.~P.~W. and 
	{Edwards}, R.~T. and {Hotan}, A.~W. and {Sarkissian}, J.~M. and 
	{Ord}, S.~M.},
    title = "{Upper Bounds on the Low-Frequency Stochastic Gravitational Wave Background from Pulsar Timing Observations: Current Limits and Future Prospects}",
  journal = apj,
   eprint = {arXiv:astro-ph/0609013},
 keywords = {Gravitational Waves, Stars: Pulsars: General},
     year = 2006,
    month = dec,
   volume = 653,
    pages = {1571-1576},
      doi = {10.1086/508702},
   adsurl = {http://adsabs.harvard.edu/abs/2006ApJ...653.1571J},
  adsnote = {Provided by the SAO/NASA Astrophysics Data System}
}

@ARTICLE{hlm+09,
   author = {{van Haasteren}, R. and {Levin}, Y. and {McDonald}, P. and {Lu}, T.
	},
    title = "{On measuring the gravitational-wave background using Pulsar Timing Arrays}",
  journal = mnras,
archivePrefix = "arXiv",
   eprint = {0809.0791},
 keywords = {gravitational waves , methods: data analysis , pulsars: general},
     year = 2009,
    month = may,
   volume = 395,
    pages = {1005-1014},
      doi = {10.1111/j.1365-2966.2009.14590.x},
   adsurl = {http://adsabs.harvard.edu/abs/2009MNRAS.395.1005V},
  adsnote = {Provided by the SAO/NASA Astrophysics Data System}
}

@ARTICLE{svc08,
   author = {{Sesana}, A. and {Vecchio}, A. and {Colacino}, C.~N.},
    title = "{The stochastic gravitational-wave background from massive black hole binary systems: implications for observations with Pulsar Timing Arrays}",
  journal = mnras,
archivePrefix = "arXiv",
   eprint = {0804.4476},
 keywords = {black hole physics , gravitational waves , pulsars: general , cosmology: theory},
     year = 2008,
    month = oct,
   volume = 390,
    pages = {192-209},
      doi = {10.1111/j.1365-2966.2008.13682.x},
   adsurl = {http://adsabs.harvard.edu/abs/2008MNRAS.390..192S},
  adsnote = {Provided by the SAO/NASA Astrophysics Data System}
}

@ARTICLE{hjl+09,
   author = {{Hobbs}, G. and {Jenet}, F. and {Lee}, K.~J. and {Verbiest}, J.~P.~W. and 
	{Yardley}, D. and {Manchester}, R. and {Lommen}, A. and {Coles}, W. and 
	{Edwards}, R. and {Shettigara}, C.},
    title = "{TEMPO2: a new pulsar timing package - III. Gravitational wave simulation}",
  journal = mnras,
archivePrefix = "arXiv",
   eprint = {0901.0592},
 primaryClass = "astro-ph.SR",
 keywords = {gravitational waves , methods: numerical , pulsars: general},
     year = 2009,
    month = apr,
   volume = 394,
    pages = {1945-1955},
      doi = {10.1111/j.1365-2966.2009.14391.x},
   adsurl = {http://adsabs.harvard.edu/abs/2009MNRAS.394.1945H},
  adsnote = {Provided by the SAO/NASA Astrophysics Data System}
}

@ARTICLE{kop97,
   author = {{Kopeikin}, S.~M.},
    title = "{Binary pulsars as detectors of ultralow-frequency gravitational waves}",
  journal = prd,
 keywords = {Gravitational wave detectors and experiments, Stochastic processes, Gravitational radiation detectors; mass spectrometers; and other instrumentation and techniques, Pulsars},
     year = 1997,
    month = oct,
   volume = 56,
    pages = {4455-4469},
      doi = {10.1103/PhysRevD.56.4455},
   adsurl = {http://adsabs.harvard.edu/abs/1997PhRvD..56.4455K},
  adsnote = {Provided by the SAO/NASA Astrophysics Data System}
}

@ARTICLE{srt+90,
   author = {{Stinebring}, D.~R. and {Ryba}, M.~F. and {Taylor}, J.~H. and 
	{Romani}, R.~W.},
    title = "{Cosmic gravitational-wave background - Limits from millisecond pulsar timing}",
  journal = {Physical Review Letters},
 keywords = {COSMIC NOISE, GRAVITATIONAL WAVES, PULSARS, PULSE DURATION, INTERSTELLAR MATTER, STELLAR SPECTRA},
     year = 1990,
    month = jul,
   volume = 65,
    pages = {285-288},
      doi = {10.1103/PhysRevLett.65.285},
   adsurl = {http://adsabs.harvard.edu/abs/1990PhRvL..65..285S},
  adsnote = {Provided by the SAO/NASA Astrophysics Data System}
}

@ARTICLE{dvt+08,
   author = {{Deller}, A.~T. and {Verbiest}, J.~P.~W. and {Tingay}, S.~J. and 
	{Bailes}, M.},
    title = "{Extremely High Precision VLBI Astrometry of PSR J0437-4715 and Implications for Theories of Gravity}",
  journal = apjl,
archivePrefix = "arXiv",
   eprint = {0808.1594},
 keywords = {Astrometry, Gravitation, Stars: Pulsars: Individual: Alphanumeric: PSR J0437-4715},
     year = 2008,
    month = sep,
   volume = 685,
    pages = {L67-L70},
      doi = {10.1086/592401},
   adsurl = {http://adsabs.harvard.edu/abs/2008ApJ...685L..67D},
  adsnote = {Provided by the SAO/NASA Astrophysics Data System}
}

@ARTICLE{yhj+10,
   author = {{Yardley}, D.~R.~B. and {Hobbs}, G.~B. and {Jenet}, F.~A. and 
	{Verbiest}, J.~P.~W. and {Wen}, Z.~L. and {Manchester}, R.~N. and 
	{Coles}, W.~A. and {van Straten}, W. and {Bailes}, M. and {Bhat}, N.~D.~R. and 
	{Burke-Spolaor}, S. and {Champion}, D.~J. and {Hotan}, A.~W. and 
	{Sarkissian}, J.~M.},
    title = "{The sensitivity of the Parkes Pulsar Timing Array to individual sources of gravitational waves}",
  journal = mnras,
archivePrefix = "arXiv",
   eprint = {1005.1667},
 primaryClass = "astro-ph.GA",
 keywords = {gravitational waves, methods: data analysis, pulsars: general, galaxies: evolution},
     year = 2010,
    month = sep,
   volume = 407,
    pages = {669-680},
      doi = {10.1111/j.1365-2966.2010.16949.x},
   adsurl = {http://adsabs.harvard.edu/abs/2010MNRAS.407..669Y},
  adsnote = {Provided by the SAO/NASA Astrophysics Data System}
}

@ARTICLE{vbc+09,
   author = {{Verbiest}, J.~P.~W. and {Bailes}, M. and {Coles}, W.~A. and 
	{Hobbs}, G.~B. and {van Straten}, W. and {Champion}, D.~J. and 
	{Jenet}, F.~A. and {Manchester}, R.~N. and {Bhat}, N.~D.~R. and 
	{Sarkissian}, J.~M. and {Yardley}, D. and {Burke-Spolaor}, S. and 
	{Hotan}, A.~W. and {You}, X.~P.},
    title = "{Timing stability of millisecond pulsars and prospects for gravitational-wave detection}",
  journal = mnras,
archivePrefix = "arXiv",
   eprint = {0908.0244},
 primaryClass = "astro-ph.GA",
 keywords = {gravitational waves , pulsars: general},
     year = 2009,
    month = dec,
   volume = 400,
    pages = {951-968},
      doi = {10.1111/j.1365-2966.2009.15508.x},
   adsurl = {http://adsabs.harvard.edu/abs/2009MNRAS.400..951V},
  adsnote = {Provided by the SAO/NASA Astrophysics Data System}
}
  
  @ARTICLE{wl03,
   author = {{Wyithe}, J.~S.~B. and {Loeb}, A.},
    title = "{Low-Frequency Gravitational Waves from Massive Black Hole Binaries: Predictions for LISA and Pulsar Timing Arrays}",
  journal = apj,
   eprint = {arXiv:astro-ph/0211556},
 keywords = {Black Hole Physics, Cosmology: Theory, Cosmology: Early Universe, Gravitational Waves},
     year = 2003,
    month = jun,
   volume = 590,
    pages = {691-706},
      doi = {10.1086/375187},
   adsurl = {http://adsabs.harvard.edu/abs/2003ApJ...590..691W},
  adsnote = {Provided by the SAO/NASA Astrophysics Data System}
}

@ARTICLE{saz78,
   author = {{Sazhin}, M.~V.},
    title = "{Opportunities for detecting ultralong gravitational waves}",
  journal = sovast,
 keywords = {BINARY STARS, ELECTROMAGNETIC PULSES, GRAVITATIONAL WAVES, LONG WAVE RADIATION, RADIATION DETECTORS, SUPERMASSIVE STARS, PROPAGATION MODES, PULSARS, STELLAR MASS, SUPERGIANT STARS},
     year = 1978,
    month = feb,
   volume = 22,
    pages = {36-38},
   adsurl = {http://adsabs.harvard.edu/abs/1978SvA....22...36S},
  adsnote = {Provided by the SAO/NASA Astrophysics Data System}
}

@ARTICLE{det79,
   author = {{Detweiler}, S.},
    title = "{Pulsar timing measurements and the search for gravitational waves}",
  journal = apj,
 keywords = {COSMOLOGY, GRAVITATIONAL WAVES, PULSARS, TIME MEASUREMENT, BLACK HOLES (ASTRONOMY), COSMIC RAYS, FREQUENCY RESPONSE, RELATIVITY, STOCHASTIC PROCESSES},
     year = 1979,
    month = dec,
   volume = 234,
    pages = {1100-1104},
      doi = {10.1086/157593},
   adsurl = {http://adsabs.harvard.edu/abs/1979ApJ...234.1100D},
  adsnote = {Provided by the SAO/NASA Astrophysics Data System}
}

@ARTICLE{fb90,
   author = {{Foster}, R.~S. and {Backer}, D.~C.},
    title = "{Constructing a pulsar timing array}",
  journal = apj,
 keywords = {ATOMIC CLOCKS, ERROR ANALYSIS, PULSARS, TIME MEASURING INSTRUMENTS, TIME SIGNALS, EARTH ROTATION, GRAVITATIONAL WAVES, POLYNOMIALS, TELESCOPES, TIME MEASUREMENT},
     year = 1990,
    month = sep,
   volume = 361,
    pages = {300-308},
      doi = {10.1086/169195},
   adsurl = {http://adsabs.harvard.edu/abs/1990ApJ...361..300F},
  adsnote = {Provided by the SAO/NASA Astrophysics Data System}
}

@ARTICLE{dv01,
   author = {{Damour}, T. and {Vilenkin}, A.},
    title = "{Gravitational wave bursts from cusps and kinks on cosmic strings}",
  journal = prd,
   eprint = {arXiv:gr-qc/0104026},
 keywords = {Wave generation and sources, Gravitational radiation, magnetic fields, and other observations, Pulsars, Particle-theory and field-theory models of the early Universe},
     year = 2001,
    month = sep,
   volume = 64,
   number = 6,
    pages = {064008-+},
      doi = {10.1103/PhysRevD.64.064008},
   adsurl = {http://adsabs.harvard.edu/abs/2001PhRvD..64f4008D},
  adsnote = {Provided by the SAO/NASA Astrophysics Data System}
}

@ARTICLE{smc07,
   author = {{Siemens}, X. and {Mandic}, V. and {Creighton}, J.},
    title = "{Gravitational-Wave Stochastic Background from Cosmic Strings}",
  journal = {Physical Review Letters},
   eprint = {arXiv:astro-ph/0610920},
 keywords = {Wave generation and sources, Extended classical solutions; cosmic strings, domain walls, texture, Particle-theory and field-theory models of the early Universe},
     year = 2007,
    month = mar,
   volume = 98,
   number = 11,
    pages = {111101-+},
      doi = {10.1103/PhysRevLett.98.111101},
   adsurl = {http://adsabs.harvard.edu/abs/2007PhRvL..98k1101S},
  adsnote = {Provided by the SAO/NASA Astrophysics Data System}
}

@ARTICLE{lss09,
   author = {{Leblond}, L. and {Shlaer}, B. and {Siemens}, X.},
    title = "{Gravitational waves from broken cosmic strings: The bursts and the beads}",
  journal = prd,
archivePrefix = "arXiv",
   eprint = {0903.4686},
 primaryClass = "astro-ph.CO",
 keywords = {Particle-theory and field-theory models of the early Universe, Wave generation and sources, Compactification and four-dimensional models, Extended classical solutions; cosmic strings, domain walls, texture},
     year = 2009,
    month = jun,
   volume = 79,
   number = 12,
    pages = {123519-+},
      doi = {10.1103/PhysRevD.79.123519},
   adsurl = {http://adsabs.harvard.edu/abs/2009PhRvD..79l3519L},
  adsnote = {Provided by the SAO/NASA Astrophysics Data System}
}

@ARTICLE{jb03,
   author = {{Jaffe}, A.~H. and {Backer}, D.~C.},
    title = "{Gravitational Waves Probe the Coalescence Rate of Massive Black Hole Binaries}",
  journal = apj,
   eprint = {arXiv:astro-ph/0210148},
 keywords = {Black Hole Physics, Galaxies: Interactions, Gravitational Waves},
     year = 2003,
    month = feb,
   volume = 583,
    pages = {616-631},
      doi = {10.1086/345443},
   adsurl = {http://adsabs.harvard.edu/abs/2003ApJ...583..616J},
  adsnote = {Provided by the SAO/NASA Astrophysics Data System}
}

@ARTICLE{ein+04,
   author = {{Enoki}, M. and {Inoue}, K.~T. and {Nagashima}, M. and {Sugiyama}, N.
	},
    title = "{Gravitational Waves from Supermassive Black Hole Coalescence in a Hierarchical Galaxy Formation Model}",
  journal = apj,
   eprint = {arXiv:astro-ph/0404389},
 keywords = {Black Hole Physics, Galaxies: Evolution, Galaxies: Formation, Gravitational Waves, Galaxies: Quasars: General},
     year = 2004,
    month = nov,
   volume = 615,
    pages = {19-28},
      doi = {10.1086/424475},
   adsurl = {http://adsabs.harvard.edu/abs/2004ApJ...615...19E},
  adsnote = {Provided by the SAO/NASA Astrophysics Data System}
}

@ARTICLE{sta04,
   author = {{Standish}, E.~M.},
    title = "{An approximation to the errors in the planetary ephemerides of the Astronomical Almanac}",
  journal = aap,
 keywords = {ephemerides},
     year = 2004,
    month = apr,
   volume = 417,
    pages = {1165-1171},
      doi = {10.1051/0004-6361:20035663},
   adsurl = {http://adsabs.harvard.edu/abs/2004A%26A...417.1165S},
  adsnote = {Provided by the SAO/NASA Astrophysics Data System}
}

@ARTICLE{vlm+09,
   author = {{van Haasteren}, R. and {Levin}, Y. and {McDonald}, P. and {Lu}, T.
	},
    title = "{On measuring the gravitational-wave background using Pulsar Timing Arrays}",
  journal = mnras,
archivePrefix = "arXiv",
   eprint = {0809.0791},
 keywords = {gravitational waves , methods: data analysis , pulsars: general},
     year = 2009,
    month = may,
   volume = 395,
    pages = {1005-1014},
      doi = {10.1111/j.1365-2966.2009.14590.x},
   adsurl = {http://adsabs.harvard.edu/abs/2009MNRAS.395.1005V},
  adsnote = {Provided by the SAO/NASA Astrophysics Data System}
}

@ARTICLE{vhm03,
   author = {{Volonteri}, M. and {Haardt}, F. and {Madau}, P.},
    title = "{The Assembly and Merging History of Supermassive Black Holes in Hierarchical Models of Galaxy Formation}",
  journal = apj,
   eprint = {arXiv:astro-ph/0207276},
 keywords = {Black Hole Physics, Cosmology: Theory, Galaxies: Evolution, Galaxies: Quasars: General},
     year = 2003,
    month = jan,
   volume = 582,
    pages = {559-573},
      doi = {10.1086/344675},
   adsurl = {http://adsabs.harvard.edu/abs/2003ApJ...582..559V},
  adsnote = {Provided by the SAO/NASA Astrophysics Data System}
}

@ARTICLE{kbd04,
   author = {{Koushiappas}, S.~M. and {Bullock}, J.~S. and {Dekel}, A.},
    title = "{Massive black hole seeds from low angular momentum material}",
  journal = mnras,
   eprint = {arXiv:astro-ph/0311487},
 keywords = {galaxies: formation, galaxies: structure, cosmology: theory, dark matter},
     year = 2004,
    month = oct,
   volume = 354,
    pages = {292-304},
      doi = {10.1111/j.1365-2966.2004.08190.x},
   adsurl = {http://adsabs.harvard.edu/abs/2004MNRAS.354..292K},
  adsnote = {Provided by the SAO/NASA Astrophysics Data System}
}

@ARTICLE{bvr06,
   author = {{Begelman}, M.~C. and {Volonteri}, M. and {Rees}, M.~J.},
    title = "{Formation of supermassive black holes by direct collapse in pre-galactic haloes}",
  journal = mnras,
   eprint = {arXiv:astro-ph/0602363},
 keywords = {accretion, accretion discs: black hole physics: hydrodynamics: instabilities: galaxies: formation: cosmology: theory, accretion discs, black hole physics, hydrodynamics, instabilities, galaxies: formation, cosmology: theory},
     year = 2006,
    month = jul,
   volume = 370,
    pages = {289-298},
      doi = {10.1111/j.1365-2966.2006.10467.x},
   adsurl = {http://adsabs.harvard.edu/abs/2006MNRAS.370..289B},
  adsnote = {Provided by the SAO/NASA Astrophysics Data System}
}

@ARTICLE{ln06,
   author = {{Lodato}, G. and {Natarajan}, P.},
    title = "{Supermassive black hole formation during the assembly of pre-galactic discs}",
  journal = mnras,
   eprint = {arXiv:astro-ph/0606159},
 keywords = {accretion, accretion discs: black hole physics: hydrodynamics: instabilities: galaxies: formation: cosmology: theory, accretion discs, black hole physics, hydrodynamics, instabilities, galaxies: formation, cosmology: theory},
     year = 2006,
    month = oct,
   volume = 371,
    pages = {1813-1823},
      doi = {10.1111/j.1365-2966.2006.10801.x},
   adsurl = {http://adsabs.harvard.edu/abs/2006MNRAS.371.1813L},
  adsnote = {Provided by the SAO/NASA Astrophysics Data System}
}

@ARTICLE{tw82,
   author = {{Taylor}, J.~H. and {Weisberg}, J.~M.},
    title = "{A new test of general relativity - Gravitational radiation and the binary pulsar PSR 1913+16}",
  journal = apj,
 keywords = {BINARY STARS, GRAVITATIONAL WAVES, ORBIT CALCULATION, PULSARS, PULSED RADIATION, RELATIVITY, BLACK HOLES (ASTRONOMY), ERROR ANALYSIS, LEAST SQUARES METHOD, NEUTRON STARS, ORBIT DECAY, STELLAR MASS, STELLAR MODELS, STELLAR MOTIONS, STELLAR RADIATION},
     year = 1982,
    month = feb,
   volume = 253,
    pages = {908-920},
      doi = {10.1086/159690},
   adsurl = {http://adsabs.harvard.edu/abs/1982ApJ...253..908T},
  adsnote = {Provided by the SAO/NASA Astrophysics Data System}
}

@ARTICLE{hd83,
   author = {{Hellings}, R.~W. and {Downs}, G.~S.},
    title = "{Upper limits on the isotropic gravitational radiation background from pulsar timing analysis}",
  journal = apjl,
 keywords = {BACKGROUND RADIATION, COSMOLOGY, GRAVITATIONAL WAVES, PULSARS, TIME MEASUREMENT, DOPPLER EFFECT, GRAVITATION THEORY, GRAVITATIONAL WAVE ANTENNAS, ISOTROPY, LIMITS (MATHEMATICS), PERTURBATION THEORY, POWER SPECTRA, SPECTRAL ENERGY DISTRIBUTION, STOCHASTIC PROCESSES},
     year = 1983,
    month = feb,
   volume = 265,
    pages = {L39-L42},
      doi = {10.1086/183954},
   adsurl = {http://adsabs.harvard.edu/abs/1983ApJ...265L..39H},
  adsnote = {Provided by the SAO/NASA Astrophysics Data System}
}

@article{ccd+10,
      author         = "Caprini, Chiara and Durrer, Ruth and Siemens, Xavier",
      title          = "{Detection of gravitational waves from the QCD phase
                        transition with pulsar timing arrays}",
      journal        = prd,
      volume         = "D82",
      pages          = "063511",
      doi            = "10.1103/PhysRevD.82.063511",
      year           = "2010",
      eprint         = "1007.1218",
      archivePrefix  = "arXiv",
      primaryClass   = "astro-ph.CO",
      SLACcitation   = "%%CITATION = ARXIV:1007.1218;%%",
}

@article{Olmez:2010bi,
      author         = "Olmez, S. and Mandic, V. and Siemens, X.",
      title          = "{Gravitational-Wave Stochastic Background from Kinks and
                        Cusps on Cosmic Strings}",
      journal        = "Phys.Rev.",
      volume         = "D81",
      pages          = "104028",
      doi            = "10.1103/PhysRevD.81.104028",
      year           = "2010",
      eprint         = "1004.0890",
      archivePrefix  = "arXiv",
      primaryClass   = "astro-ph.CO",
      SLACcitation   = "%%CITATION = ARXIV:1004.0890;%%",
}


@article{sa79,
      author         = "Starobinsky, Alexei A.",
      title          = "{Relict Gravitation Radiation Spectrum and Initial State
                        of the Universe. (In Russian)}",
      journal        = "JETP Lett.",
      volume         = "30",
      pages          = "682-685",
      year           = "1979",
      SLACcitation   = "%%CITATION = JTPLA,30,682;%%",
}


@ARTICLE{abc+09,
   author = {{Anholm}, M. and {Ballmer}, S. and {Creighton}, J.~D.~E. and 
	{Price}, L.~R. and {Siemens}, X.},
    title = "{Optimal strategies for gravitational wave stochastic background searches in pulsar timing data}",
  journal = prd,
archivePrefix = "arXiv",
   eprint = {0809.0701},
 primaryClass = "gr-qc",
 keywords = {Wave generation and sources, Gravitational wave detectors and experiments},
     year = 2009,
    month = apr,
   volume = 79,
   number = 8,
    pages = {084030-+},
      doi = {10.1103/PhysRevD.79.084030},
   adsurl = {http://adsabs.harvard.edu/abs/2009PhRvD..79h4030A},
  adsnote = {Provided by the SAO/NASA Astrophysics Data System}
}

@ARTICLE{jfl+09,
   author = {{Jenet}, F. and {Finn}, L.~S. and {Lazio}, J. and {Lommen}, A. and 
	{McLaughlin}, M. and {Stairs}, I. and {Stinebring}, D. and {Verbiest}, J. and 
	{Archibald}, A. and {Arzoumanian}, Z. and {Backer}, D. and {Cordes}, J. and 
	{Demorest}, P. and {Ferdman}, R. and {Freire}, P. and {Gonzalez}, M. and 
	{Kaspi}, V. and {Kondratiev}, V. and {Lorimer}, D. and {Lynch}, R. and 
	{Nice}, D. and {Ransom}, S. and {Shannon}, R. and {Siemens}, X.},
    title = "{The North American Nanohertz Observatory for Gravitational Waves}",
  journal = { arXiv:0909.1058},
archivePrefix = "arXiv",
   eprint = {0909.1058},
 primaryClass = "astro-ph.IM",
 keywords = {Astrophysics - Instrumentation and Methods for Astrophysics, Astrophysics - Galaxy Astrophysics},
     year = 2009,
    month = sep,
   adsurl = {http://adsabs.harvard.edu/abs/2009arXiv0909.1058J},
  adsnote = {Provided by the SAO/NASA Astrophysics Data System}
}

@ARTICLE{haa+10,
   author = {{Hobbs}, G. and {Archibald}, A. and {Arzoumanian}, Z. and {Backer}, D. and 
	{Bailes}, M. and {Bhat}, N.~D.~R. and {Burgay}, M. and {Burke-Spolaor}, S. and 
	{Champion}, D. and {Cognard}, I. and {Coles}, W. and {Cordes}, J. and 
	{Demorest}, P. and {Desvignes}, G. and {Ferdman}, R.~D. and 
	{Finn}, L. and {Freire}, P. and {Gonzalez}, M. and {Hessels}, J. and 
	{Hotan}, A. and {Janssen}, G. and {Jenet}, F. and {Jessner}, A. and 
	{Jordan}, C. and {Kaspi}, V. and {Kramer}, M. and {Kondratiev}, V. and 
	{Lazio}, J. and {Lazaridis}, K. and {Lee}, K.~J. and {Levin}, Y. and 
	{Lommen}, A. and {Lorimer}, D. and {Lynch}, R. and {Lyne}, A. and 
	{Manchester}, R. and {McLaughlin}, M. and {Nice}, D. and {Oslowski}, S. and 
	{Pilia}, M. and {Possenti}, A. and {Purver}, M. and {Ransom}, S. and 
	{Reynolds}, J. and {Sanidas}, S. and {Sarkissian}, J. and {Sesana}, A. and 
	{Shannon}, R. and {Siemens}, X. and {Stairs}, I. and {Stappers}, B. and 
	{Stinebring}, D. and {Theureau}, G. and {van Haasteren}, R. and 
	{van Straten}, W. and {Verbiest}, J.~P.~W. and {Yardley}, D.~R.~B. and 
	{You}, X.~P.},
    title = "{The International Pulsar Timing Array project: using pulsars as a gravitational wave detector}",
  journal = {Classical and Quantum Gravity},
archivePrefix = "arXiv",
   eprint = {0911.5206},
 primaryClass = "astro-ph.SR",
     year = 2010,
    month = apr,
   volume = 27,
   number = 8,
    pages = {084013-+},
      doi = {10.1088/0264-9381/27/8/084013},
   adsurl = {http://adsabs.harvard.edu/abs/2010CQGra..27h4013H},
  adsnote = {Provided by the SAO/NASA Astrophysics Data System}
}

@INPROCEEDINGS{jsk+08,
   author = {{Janssen}, G.~H. and {Stappers}, B.~W. and {Kramer}, M. and 
	{Purver}, M. and {Jessner}, A. and {Cognard}, I.},
    title = "{European Pulsar Timing Array}",
 keywords = {Pulsars, Neutron stars, Time series analysis, time variability, Radio telescopes and instrumentation; heterodyne receivers, Gravitational radiation detectors; mass spectrometers; and other instrumentation and techniques, Binary and multiple stars},
booktitle = {40 Years of Pulsars: Millisecond Pulsars, Magnetars and More},
     year = 2008,
   series = {American Institute of Physics Conference Series},
   volume = 983,
   editor = "{C.~Bassa, Z.~Wang, A.~Cumming, \& V.~M.~Kaspi}",
    month = feb,
    pages = {633-635},
      doi = {10.1063/1.2900317},
   adsurl = {http://adsabs.harvard.edu/abs/2008AIPC..983..633J},
  adsnote = {Provided by the SAO/NASA Astrophysics Data System}
}

@ARTICLE{hbb+09,
   author = {{Hobbs}, G.~B. and {Bailes}, M. and {Bhat}, N.~D.~R. and {Burke-Spolaor}, S. and 
	{Champion}, D.~J. and {Coles}, W. and {Hotan}, A. and {Jenet}, F. and 
	{Kedziora-Chudczer}, L. and {Khoo}, J. and {Lee}, K.~J. and 
	{Lommen}, A. and {Manchester}, R.~N. and {Reynolds}, J. and 
	{Sarkissian}, J. and {van Straten}, W. and {To}, S. and {Verbiest}, J.~P.~W. and 
	{Yardley}, D. and {You}, X.~P.},
    title = "{Gravitational-Wave Detection Using Pulsars: Status of the Parkes Pulsar Timing Array Project}",
  journal = pasa,
archivePrefix = "arXiv",
   eprint = {0812.2721},
 keywords = {Keywords: gravitational waves - pulsars: general,},
     year = 2009,
    month = jun,
   volume = 26,
    pages = {103-109},
      doi = {10.1071/AS08023},
   adsurl = {http://adsabs.harvard.edu/abs/2009PASA...26..103H},
  adsnote = {Provided by the SAO/NASA Astrophysics Data System}
}

@ARTICLE{gep+97,
   author = {{Gwinn}, C.~R. and {Eubanks}, T.~M. and {Pyne}, T. and {Birkinshaw}, M. and 
	{Matsakis}, D.~N.},
    title = "{Quasar Proper Motions and Low-Frequency Gravitational Waves}",
  journal = apj,
   eprint = {arXiv:astro-ph/9610086},
 keywords = {GRAVITATION, COSMOLOGY: OBSERVATIONS, GALAXIES: QUASARS: GENERAL, TECHNIQUES: INTERFEROMETRIC},
     year = 1997,
    month = aug,
   volume = 485,
    pages = {87-+},
      doi = {10.1086/304424},
   adsurl = {http://adsabs.harvard.edu/abs/1997ApJ...485...87G},
  adsnote = {Provided by the SAO/NASA Astrophysics Data System}
}

@ARTICLE{ksg+99,
   author = {{Kopeikin}, S.~M. and {Sch{\"a}fer}, G. and {Gwinn}, C.~R. and 
	{Eubanks}, T.~M.},
    title = "{Astrometric and timing effects of gravitational waves from localized sources}",
  journal = prd,
   eprint = {arXiv:gr-qc/9811003},
 keywords = {Gravitational waves: theory, Gravitational wave detectors and experiments, Gravitational radiation detectors; mass spectrometers; and other instrumentation and techniques, Gravitational radiation, magnetic fields, and other observations},
     year = 1999,
    month = apr,
   volume = 59,
   number = 8,
    pages = {084023-+},
      doi = {10.1103/PhysRevD.59.084023},
   adsurl = {http://adsabs.harvard.edu/abs/1999PhRvD..59h4023K},
  adsnote = {Provided by the SAO/NASA Astrophysics Data System}
}

@ARTICLE{jaf04,
   author = {{Jaffe}, A.~H.},
    title = {Observing gravitational radiation with QSO proper motions and the SKA},
  journal = nar,
   eprint = {arXiv:astro-ph/0409637},
     year = 2004,
    month = dec,
   volume = 48,
    pages = {1483-1485},
      doi = {10.1016/j.newar.2004.09.018},
   adsurl = {http://adsabs.harvard.edu/abs/2004NewAR..48.1483J},
  adsnote = {Provided by the SAO/NASA Astrophysics Data System}
}

@ARTICLE{bf10,
   author = {{Book}, L.~G. and {Flanagan}, {\'E}.~{\'E}.},
    title = "{Astrometric Effects of a Stochastic Gravitational Wave Background}",
  journal = {ArXiv e-prints},
archivePrefix = "arXiv",
   eprint = {1009.4192},
 primaryClass = "astro-ph.CO",
 keywords = {Astrophysics - Cosmology and Extragalactic Astrophysics, General Relativity and Quantum Cosmology},
     year = 2010,
    month = sep,
   adsurl = {http://adsabs.harvard.edu/abs/2010arXiv1009.4192B},
  adsnote = {Provided by the SAO/NASA Astrophysics Data System}
}

@ARTICLE{hbo05,
   author = {{Hotan}, A.~W. and {Bailes}, M. and {Ord}, S.~M.},
    title = "{PSR J0737-3039A: baseband timing and polarimetry}",
  journal = mnras,
 keywords = {pulsars: individual: J0737-3039A},
     year = 2005,
    month = oct,
   volume = 362,
    pages = {1267-1272},
      doi = {10.1111/j.1365-2966.2005.09389.x},
   adsurl = {http://adsabs.harvard.edu/abs/2005MNRAS.362.1267H},
  adsnote = {Provided by the SAO/NASA Astrophysics Data System}
}

@ARTICLE{sns+05,
   author = {{Splaver}, E.~M. and {Nice}, D.~J. and {Stairs}, I.~H. and {Lommen}, A.~N. and 
	{Backer}, D.~C.},
    title = "{Masses, Parallax, and Relativistic Timing of the PSR J1713+0747 Binary System}",
  journal = apj,
   eprint = {arXiv:astro-ph/0410488},
 keywords = {Stars: Binaries: General, Stars: Pulsars: Individual: Alphanumeric: PSR J1713+0747, Stars: Neutron},
     year = 2005,
    month = feb,
   volume = 620,
    pages = {405-415},
      doi = {10.1086/426804},
   adsurl = {http://adsabs.harvard.edu/abs/2005ApJ...620..405S},
  adsnote = {Provided by the SAO/NASA Astrophysics Data System}
}

@ARTICLE{chm+10,
   author = {{Champion}, D.~J. and {Hobbs}, G.~B. and {Manchester}, R.~N. and 
	{Edwards}, R.~T. and {Backer}, D.~C. and {Bailes}, M. and {Bhat}, N.~D.~R. and 
	{Burke-Spolaor}, S. and {Coles}, W. and {Demorest}, P.~B. and 
	{Ferdman}, R.~D. and {Folkner}, W.~M. and {Hotan}, A.~W. and 
	{Kramer}, M. and {Lommen}, A.~N. and {Nice}, D.~J. and {Purver}, M.~B. and 
	{Sarkissian}, J.~M. and {Stairs}, I.~H. and {van Straten}, W. and 
	{Verbiest}, J.~P.~W. and {Yardley}, D.~R.~B.},
    title = "{Measuring the Mass of Solar System Planets Using Pulsar Timing}",
  journal = apjl,
archivePrefix = "arXiv",
   eprint = {1008.3607},
 primaryClass = "astro-ph.EP",
 keywords = {planets and satellites: general, planets and satellites: individual: Jupiter, pulsars: general},
     year = 2010,
    month = sep,
   volume = 720,
    pages = {L201-L205},
      doi = {10.1088/2041-8205/720/2/L201},
   adsurl = {http://adsabs.harvard.edu/abs/2010ApJ...720L.201C},
  adsnote = {Provided by the SAO/NASA Astrophysics Data System}
}

@ARTICLE{cbv+09,
   author = {{Chatterjee}, S. and {Brisken}, W.~F. and {Vlemmings}, W.~H.~T. and 
	{Goss}, W.~M. and {Lazio}, T.~J.~W. and {Cordes}, J.~M. and 
	{Thorsett}, S.~E. and {Fomalont}, E.~B. and {Lyne}, A.~G. and 
	{Kramer}, M.},
    title = "{Precision Astrometry with the Very Long Baseline Array: Parallaxes and Proper Motions for 14 Pulsars}",
  journal = apj,
archivePrefix = "arXiv",
   eprint = {0901.1436},
 primaryClass = "astro-ph.SR",
 keywords = {astrometry, pulsars: individual: B0031 {\ndash} 07 B0136+57 B0450 {\ndash} 18 B0450+55 J0538+2817 B0818 {\ndash} 13 B1508+55 B1541+09 J1713+0747 B1933+16 B2045 {\ndash} 16 B2053+36 B2154+40 B2310+42, stars: distances, stars: kinematics, stars: neutron},
     year = 2009,
    month = jun,
   volume = 698,
    pages = {250-265},
      doi = {10.1088/0004-637X/698/1/250},
   adsurl = {http://adsabs.harvard.edu/abs/2009ApJ...698..250C},
  adsnote = {Provided by the SAO/NASA Astrophysics Data System}
}


@INPROCEEDINGS{m08,
   author = {{Manchester}, R.~N.},
    title = "{The Parkes Pulsar Timing Array Project}",
 keywords = {Pulsars, Neutron stars, Time series analysis, time variability, Gravitational radiation detectors; mass spectrometers; and other instrumentation and techniques},
booktitle = {40 Years of Pulsars: Millisecond Pulsars, Magnetars and More},
     year = 2008,
   series = {American Institute of Physics Conference Series},
   volume = 983,
archivePrefix = "arXiv",
   eprint = {0710.5026},
   editor = "{C.~Bassa, Z.~Wang, A.~Cumming, \& V.~M.~Kaspi}",
    month = feb,
    pages = {584-592},
      doi = {10.1063/1.2900303},
   adsurl = {http://adsabs.harvard.edu/abs/2008AIPC..983..584M},
   }


@inproceedings{r89,
  address    = {Dordrecht, Netherlands; Boston, U.S.A.},
  author     = {Romani, R.W.},
  booktitle  = {Timing Neutron Stars},
  conference = {Proceedings of the NATO Advanced Study Institute on Timing Neutron Stars, \c{C}esme, Izmir, Turkey, 4--15 April 1988},
  editor     = {{\"{O}}gelman, H. and van den Heuvel, E.P.J.},
  format     = {print},
  keywords   = {Cosmic gravitational wave background, Pulsars, Radio astronomy, Time keeping},
  pages      = {113--117},
  publisher  = {Kluwer},
  series     = {NATO ASI Series, Series C},
  title      = {Timing a millisecond pulsar array},
  volume     = {262},
  year       = {1989}
}

@INPROCEEDINGS{mk10,
   author = {{Mignard}, F. and {Klioner}, S.~A.},
    title = "{Gaia: Relativistic modelling and testing}",
 keywords = {astrometry, relativity, data processing},
booktitle = {IAU Symposium},
     year = 2010,
   series = {IAU Symposium},
   volume = 261,
   editor = "{S.~A.~Klioner, P.~K.~Seidelmann, \& M.~H.~Soffel}",
    month = jan,
    pages = {306-314},
      doi = {10.1017/S174392130999055X},
   adsurl = {http://adsabs.harvard.edu/abs/2010IAUS..261..306M},
  adsnote = {Provided by the SAO/NASA Astrophysics Data System}
}

@ARTICLE{sc10,
   author = {{Shannon}, R.~M. and {Cordes}, J.~M.},
    title = "{Assessing the Role of Spin Noise in the Precision Timing of Millisecond Pulsars}",
  journal = apj,
archivePrefix = "arXiv",
   eprint = {1010.4794},
 primaryClass = "astro-ph.SR",
 keywords = {gravitational waves, pulsars: general, pulsars: individual: PSR B1937+21, stars: neutron },
     year = 2010,
    month = dec,
   volume = 725,
    pages = {1607-1619},
      doi = {10.1088/0004-637X/725/2/1607},
   adsurl = {http://adsabs.harvard.edu/abs/2010ApJ...725.1607S},
  adsnote = {Provided by the SAO/NASA Astrophysics Data System}
}

@ARTICLE{svv09,
   author = {{Sesana}, A. and {Vecchio}, A. and {Volonteri}, M.},
    title = "{Gravitational waves from resolvable massive black hole binary systems and observations with Pulsar Timing Arrays}",
  journal = mnras,
archivePrefix = "arXiv",
   eprint = {0809.3412},
 keywords = {black hole physics , gravitational waves , pulsars: general , cosmology: theory},
     year = 2009,
    month = apr,
   volume = 394,
    pages = {2255-2265},
      doi = {10.1111/j.1365-2966.2009.14499.x},
   adsurl = {http://adsabs.harvard.edu/abs/2009MNRAS.394.2255S},
  adsnote = {Provided by the SAO/NASA Astrophysics Data System}
}

@ARTICLE{w87,
   author = {{Wahlquist}, H.},
    title = "{The Doppler response to gravitational waves from a binary star source}",
  journal = {General Relativity and Gravitation},
 keywords = {BINARY STARS, DOPPLER EFFECT, GRAVITATIONAL WAVES, BLACK HOLES (ASTRONOMY), SIGNAL DETECTION, SPACE COMMUNICATION, SPACECRAFT COMMUNICATION},
     year = 1987,
    month = nov,
   volume = 19,
    pages = {1101-1113},
      doi = {10.1007/BF00759146},
   adsurl = {http://adsabs.harvard.edu/abs/1987GReGr..19.1101W},
  adsnote = {Provided by the SAO/NASA Astrophysics Data System}
}

@ARTICLE{o96,
   author = {{Owen}, B.~J.},
    title = "{Search templates for gravitational waves from inspiraling binaries: Choice of template spacing}",
  journal = prd,
   eprint = {arXiv:gr-qc/9511032},
 keywords = {Gravitational wave detectors and experiments, Gravitational waves: theory, Data analysis: algorithms and implementation; data management, Binary and multiple stars},
     year = 1996,
    month = jun,
   volume = 53,
    pages = {6749-6761},
      doi = {10.1103/PhysRevD.53.6749},
   adsurl = {http://adsabs.harvard.edu/abs/1996PhRvD..53.6749O},
  adsnote = {Provided by the SAO/NASA Astrophysics Data System}
}

@ARTICLE{cf94,
   author = {{Cutler}, C. and {Flanagan}, {\'E}.~E.},
    title = "{Gravitational waves from merging compact binaries: How accurately can one extract the binary's parameters from the inspiral waveform}",
  journal = prd,
   eprint = {arXiv:gr-qc/9402014},
 keywords = {Gravitational wave detectors and experiments, Wave generation and sources, Neutron stars, Astrometric and interferometric binaries},
     year = 1994,
    month = mar,
   volume = 49,
    pages = {2658-2697},
      doi = {10.1103/PhysRevD.49.2658},
   adsurl = {http://adsabs.harvard.edu/abs/1994PhRvD..49.2658C},
  adsnote = {Provided by the SAO/NASA Astrophysics Data System}
}

@ARTICLE{a95,
   author = {{Apostolatos}, T.~A.},
    title = "{Search templates for gravitational waves from precessing, inspiraling binaries}",
  journal = prd,
 keywords = {Gravitational wave detectors and experiments, Gravitational waves: theory, Neutron stars, Black holes},
     year = 1995,
    month = jul,
   volume = 52,
    pages = {605-620},
      doi = {10.1103/PhysRevD.52.605},
   adsurl = {http://adsabs.harvard.edu/abs/1995PhRvD..52..605A},
  adsnote = {Provided by the SAO/NASA Astrophysics Data System}
}

@ARTICLE{sv10,
   author = {{Sesana}, A. and {Vecchio}, A.},
    title = "{Measuring the parameters of massive black hole binary systems with pulsar timing array observations of gravitational waves}",
  journal = prd,
archivePrefix = "arXiv",
   eprint = {1003.0677},
 primaryClass = "astro-ph.CO",
 keywords = {Wave generation and sources, Gravitational radiation, magnetic fields, and other observations, Pulsars, Black holes},
     year = 2010,
    month = may,
   volume = 81,
   number = 10,
    pages = {104008-+},
      doi = {10.1103/PhysRevD.81.104008},
   adsurl = {http://adsabs.harvard.edu/abs/2010PhRvD..81j4008S},
  adsnote = {Provided by the SAO/NASA Astrophysics Data System}
}

@INPROCEEDINGS{l09,
   author = {{Lazio}, J.},
    title = "{The Square Kilometre Array}",
booktitle = {Panoramic Radio Astronomy: Wide-field 1-2 GHz Research on Galaxy Evolution},
     year = 2009,
archivePrefix = "arXiv",
   eprint = {0910.0632},
 primaryClass = "astro-ph.IM",
   adsurl = {http://adsabs.harvard.edu/abs/2009pra..confE..58L},
  adsnote = {Provided by the SAO/NASA Astrophysics Data System}
}

@ARTICLE{fl10,
   author = {{Finn}, L.~S. and {Lommen}, A.~N.},
    title = "{Detection, Localization, and Characterization of Gravitational Wave Bursts in a Pulsar Timing Array}",
  journal = apj,
archivePrefix = "arXiv",
   eprint = {1004.3499},
 primaryClass = "astro-ph.IM",
 keywords = {gravitational waves, methods: data analysis, methods: statistical },
     year = 2010,
    month = aug,
   volume = 718,
    pages = {1400-1415},
      doi = {10.1088/0004-637X/718/2/1400},
   adsurl = {http://adsabs.harvard.edu/abs/2010ApJ...718.1400F},
  adsnote = {Provided by the SAO/NASA Astrophysics Data System}
}

@ARTICLE{cc10,
   author = {{Corbin}, V. and {Cornish}, N.~J.},
    title = "{Pulsar Timing Array Observations of Massive Black Hole Binaries}",
  journal = {arXiv:1008.1782},
archivePrefix = "arXiv",
   eprint = {1008.1782},
 primaryClass = "astro-ph.HE",
 keywords = {Astrophysics - High Energy Astrophysical Phenomena, General Relativity and Quantum Cosmology},
     year = 2010,
    month = aug,
   adsurl = {http://adsabs.harvard.edu/abs/2010arXiv1008.1782C},
  adsnote = {Provided by the SAO/NASA Astrophysics Data System}
}

@ARTICLE{saw09,
   author = {{Stavridis}, A. and {Arun}, K.~G. and {Will}, C.~M.},
    title = "{Precessing supermassive black hole binaries and dark energy measurements with LISA}",
  journal = prd,
archivePrefix = "arXiv",
   eprint = {0907.4686},
 primaryClass = "gr-qc",
 keywords = {Wave generation and sources, Post-Newtonian approximation; perturbation theory; related approximations, Gravitational wave detectors and experiments, Gravitational radiation detectors; mass spectrometers; and other instrumentation and techniques},
     year = 2009,
    month = sep,
   volume = 80,
   number = 6,
    pages = {067501-+},
      doi = {10.1103/PhysRevD.80.067501},
   adsurl = {http://adsabs.harvard.edu/abs/2009PhRvD..80f7501S},
  adsnote = {Provided by the SAO/NASA Astrophysics Data System}
}

@ARTICLE{kdn+09,
   author = {{Komatsu}, E. and {Dunkley}, J. and {Nolta}, M.~R. and {Bennett}, C.~L. and 
	{Gold}, B. and {Hinshaw}, G. and {Jarosik}, N. and {Larson}, D. and 
	{Limon}, M. and {Page}, L. and {Spergel}, D.~N. and {Halpern}, M. and 
	{Hill}, R.~S. and {Kogut}, A. and {Meyer}, S.~S. and {Tucker}, G.~S. and 
	{Weiland}, J.~L. and {Wollack}, E. and {Wright}, E.~L.},
    title = "{Five-Year Wilkinson Microwave Anisotropy Probe Observations: Cosmological Interpretation}",
  journal = apjs,
archivePrefix = "arXiv",
   eprint = {0803.0547},
 keywords = {cosmic microwave background, cosmology: observations, dark matter, early universe, instrumentation: detectors, space vehicles: instruments, telescopes},
     year = 2009,
    month = feb,
   volume = 180,
    pages = {330-376},
      doi = {10.1088/0067-0049/180/2/330},
   adsurl = {http://adsabs.harvard.edu/abs/2009ApJS..180..330K},
  adsnote = {Provided by the SAO/NASA Astrophysics Data System}
}

@ARTICLE{s82,
   author = {{Scargle}, J.~D.},
    title = "{Studies in astronomical time series analysis. II - Statistical aspects of spectral analysis of unevenly spaced data}",
  journal = apj,
 keywords = {ASTRONOMY, SIGNAL DETECTION, SPECTRUM ANALYSIS, STATISTICAL DISTRIBUTIONS, TIME SERIES ANALYSIS, FOURIER TRANSFORMATION, FREQUENCY RESPONSE, POWER SPECTRA, SIGNAL TO NOISE RATIOS},
     year = 1982,
    month = dec,
   volume = 263,
    pages = {835-853},
      doi = {10.1086/160554},
   adsurl = {http://adsabs.harvard.edu/abs/1982ApJ...263..835S},
  adsnote = {Provided by the SAO/NASA Astrophysics Data System}
}

@ARTICLE{cc05,
   author = {{Cornish}, N.~J. and {Crowder}, J.},
    title = "{LISA data analysis using Markov chain Monte Carlo methods}",
  journal = prd,
   eprint = {arXiv:gr-qc/0506059},
 keywords = {Gravitational radiation detectors; mass spectrometers; and other instrumentation and techniques, Gravitational wave detectors and experiments, Gravitational radiation, magnetic fields, and other observations},
     year = 2005,
    month = aug,
   volume = 72,
   number = 4,
    pages = {043005-+},
      doi = {10.1103/PhysRevD.72.043005},
   adsurl = {http://adsabs.harvard.edu/abs/2005PhRvD..72d3005C},
  adsnote = {Provided by the SAO/NASA Astrophysics Data System}
}

@ARTICLE{stw+11,
   author = {{Smits}, R. and {Tingay}, S.~J. and {Wex}, N. and {Kramer}, M. and 
	{Stappers}, B.},
    title = "{Prospects for accurate distance measurements of pulsars with the SKA: enabling fundamental physics}",
  journal = {ArXiv e-prints},
archivePrefix = "arXiv",
   eprint = {1101.5971},
 primaryClass = "astro-ph.IM",
 keywords = {Astrophysics - Instrumentation and Methods for Astrophysics, Astrophysics - Galaxy Astrophysics},
     year = 2011,
    month = jan,
   adsurl = {http://adsabs.harvard.edu/abs/2011arXiv1101.5971S},
  adsnote = {Provided by the SAO/NASA Astrophysics Data System}
},

@ARTICLE{lwk+11,
   author = {{Lee}, K.~J. and {Wex}, N. and {Kramer}, M. and {Stappers}, B.~W. and 
	{Bassa}, C.~G. and {Janssen}, G.~H. and {Karuppusamy}, R. and 
	{Smits}, R.},
    title = "{Gravitational wave astronomy of single sources with a pulsar timing array}",
  journal = mnras,
archivePrefix = "arXiv",
   eprint = {1103.0115},
 primaryClass = "astro-ph.HE",
 keywords = {gravitational waves, pulsars: general},
     year = 2011,
    month = jul,
   volume = 414,
    pages = {3251-3264},
      doi = {10.1111/j.1365-2966.2011.18622.x},
   adsurl = {http://adsabs.harvard.edu/abs/2011MNRAS.414.3251L},
  adsnote = {Provided by the SAO/NASA Astrophysics Data System}
}

@book{m07,
  title={Gravitational Waves: Theory and experiments},
  author={Maggiore, M.},
  isbn={9780198570745},
  lccn={2008270556},
  series={Gravitational Waves},
  url={http://books.google.com/books?id=AqVpQgAACAAJ},
  year={2007},
  publisher={Oxford University Press}
}

@ARTICLE{v08,
   author = {{Vallisneri}, M.},
    title = "{Use and abuse of the Fisher information matrix in the assessment of gravitational-wave parameter-estimation prospects}",
  journal = prd,
   eprint = {arXiv:gr-qc/0703086},
 keywords = {Gravitational wave detectors and experiments, Inference methods, Gravitational radiation detectors; mass spectrometers; and other instrumentation and techniques},
     year = 2008,
    month = feb,
   volume = 77,
   number = 4,
    pages = {042001-+},
      doi = {10.1103/PhysRevD.77.042001},
   adsurl = {http://adsabs.harvard.edu/abs/2008PhRvD..77d2001V},
  adsnote = {Provided by the SAO/NASA Astrophysics Data System}
}

@INPROCEEDINGS{wz62,
   author = {L A Wainstein and V D Zubakov},
      booktitle = {Extraction of Signals from Noise},
     year = {1962},
     pages = {86--91},
     publisher = {Prentice-Hall, Inc}
 }

@ARTICLE{delphine,
   author = {{Perrodin}, D. and {Jenet}, R. and {Lommen}, A. and {Bennett}, C.~L. and 
	{Gold}, B. and {Hinshaw}, G. and {Jarosik}, N. and {Larson}, D. and 
	{Limon}, M. and {Page}, L. and {Spergel}, D.~N. and {Halpern}, M. and 
	{Hill}, R.~S. and {Kogut}, A. and {Meyer}, S.~S. and {Tucker}, G.~S. and 
	{Weiland}, J.~L. and {Wollack}, E. and {Wright}, E.~L.},
    title = "{Spectral Analysis of Timing Noise in NANOGrav Pulsars}",
  journal = {in preparation},
  year = {2013}
}

@ARTICLE{esd+13,
   author = {{Ellis}, J.~A. and {Siemens}, X. and {Demorest}, P. and {Creighton}, J. and 
	{Romano}, J. and {Gonzalez}, M. and {Nice}, D.  and {Stairs}, I.~H. and {Ransom}, S. 
	and {Ferdman}, R.},
    title = "{Analysing  noise characteristics of the NANOGrav pulsars using maximum likelihood methods}",
  journal = {in preparation},
  year= {2013}
}

@ARTICLE{dfg+12,
   author = {{Demorest}, P.~B. and {Ferdman}, R.~D. and {Gonzalez}, M.~E. and 
	{Nice}, D. and {Ransom}, S. and {Stairs}, I.~H. and {Arzoumanian}, Z. and 
	{Brazier}, A. and {Burke-Spolaor}, S. and {Chamberlin}, S.~J. and 
	{Cordes}, J.~M. and {Ellis}, J. and {Finn}, L.~S. and {Freire}, P. and 
	{Giampanis}, S. and {Jenet}, F. and {Kaspi}, V.~M. and {Lazio}, J. and 
	{Lommen}, A.~N. and {McLaughlin}, M. and {Palliyaguru}, N. and 
	{Perrodin}, D. and {Shannon}, R.~M. and {Siemens}, X. and {Stinebring}, D. and 
	{Swiggum}, J. and {Zhu}, W.~W.},
    title = "{Limits on the Stochastic Gravitational Wave Background from the North American Nanohertz Observatory for Gravitational Waves}",
  journal = {arXiv:1201.6641},
archivePrefix = "arXiv",
   eprint = {1201.6641},
 primaryClass = "astro-ph.CO",
 keywords = {Astrophysics - Cosmology and Extragalactic Astrophysics, Astrophysics - Instrumentation and Methods for Astrophysics},
     year = 2012,
    month = jan,
   adsurl = {http://adsabs.harvard.edu/abs/2012arXiv1201.6641D},
  adsnote = {Provided by the SAO/NASA Astrophysics Data System}
}

@ARTICLE{ych+11,
   author = {{Yardley}, D.~R.~B. and {Coles}, W.~A. and {Hobbs}, G.~B. and 
	{Verbiest}, J.~P.~W. and {Manchester}, R.~N. and {van Straten}, W. and 
	{Jenet}, F.~A. and {Bailes}, M. and {Bhat}, N.~D.~R. and {Burke-Spolaor}, S. and 
	{Champion}, D.~J. and {Hotan}, A.~W. and {Oslowski}, S. and 
	{Reynolds}, J.~E. and {Sarkissian}, J.~M.},
    title = "{On detection of the stochastic gravitational-wave background using the Parkes pulsar timing array}",
  journal = mnras,
archivePrefix = "arXiv",
   eprint = {1102.2230},
 primaryClass = "astro-ph.GA",
 keywords = {gravitational waves, methods: data analysis, stars: pulsars: general},
     year = 2011,
    month = jun,
   volume = 414,
    pages = {1777-1787},
      doi = {10.1111/j.1365-2966.2011.18517.x},
   adsurl = {http://adsabs.harvard.edu/abs/2011MNRAS.414.1777Y},
  adsnote = {Provided by the SAO/NASA Astrophysics Data System}
}


@ARTICLE{emv11,
   author = {{Ellis}, J.~A. and {McLaughlin}, M.~A. and {Verbiest}, J.~P.~W.
	},
    title = "{The impact of a stochastic gravitational-wave background on pulsar timing parameters}",
  journal = mnras,
archivePrefix = "arXiv",
   eprint = {1107.4014},
 primaryClass = "astro-ph.SR",
 keywords = {gravitational waves, methods: statistical, pulsars: general},
     year = 2011,
    month = nov,
   volume = 417,
    pages = {2318-2329},
      doi = {10.1111/j.1365-2966.2011.19413.x},
   adsurl = {http://adsabs.harvard.edu/abs/2011MNRAS.417.2318E},
  adsnote = {Provided by the SAO/NASA Astrophysics Data System}
}



@article{pet+09,
title={A magneto-optic probe for magnetic fluctuation measurements.},
author={Przybysz, W.S. and Ellis, J. and Thakur, S.C. and Hansen, A. and Hardin, R.A. and Sears, S. and Scime, E.E.},
journal={Rev Sci Instrum},
volume={80},
number={10},
pages={103502},
year={2009},

}

@ARTICLE{cce+12,
   author = {{Chamberlin}, S. and {Creighton}, J. and {Ellis}, J. and {Price}, L. and {Romano}, J. and {Siemens}, X.
	},
    title = "{A Modified Optimal Statistic for Stochastic Gravitational-Wave Background Searches Using Pulsar Timing Data}",
  journal = {in preparation},
  year= {2013}
}

@ARTICLE{bs12,
   author = {{Babak}, S. and {Sesana}, A.},
    title = "{Resolving multiple supermassive black hole binaries with pulsar timing arrays}",
  journal = prd,
archivePrefix = "arXiv",
   eprint = {1112.1075},
 primaryClass = "astro-ph.CO",
 keywords = {Gravitational waves: theory, Gravitational wave detectors and experiments, Pulsars, Black holes},
     year = 2012,
    month = feb,
   volume = 85,
   number = 4,
      eid = {044034},
    pages = {044034},
      doi = {10.1103/PhysRevD.85.044034},
   adsurl = {http://adsabs.harvard.edu/abs/2012PhRvD..85d4034B},
  adsnote = {Provided by the SAO/NASA Astrophysics Data System}
}

@ARTICLE{rs11,
   author = {{Roedig}, C. and {Sesana}, A.},
    title = "{Origin and Implications of high eccentricities in massive black hole binaries at sub-pc scales}",
  journal = {arXiv:1111.3742},
archivePrefix = "arXiv",
   eprint = {1111.3742},
 primaryClass = "astro-ph.CO",
 keywords = {Astrophysics - Cosmology and Extragalactic Astrophysics, General Relativity and Quantum Cosmology},
     year = 2011,
    month = nov,
   adsurl = {http://adsabs.harvard.edu/abs/2011arXiv1111.3742R},
  adsnote = {Provided by the SAO/NASA Astrophysics Data System}
}

@ARTICLE{jks98,
   author = {{Jaranowski}, P. and {Kr{\'o}lak}, A. and {Schutz}, B.~F.},
    title = "{Data analysis of gravitational-wave signals from spinning neutron stars: The signal and its detection}",
  journal = prd,
   eprint = {arXiv:gr-qc/9804014},
 keywords = {Gravitational radiation detectors; mass spectrometers; and other instrumentation and techniques, Gravitational wave detectors and experiments, Mathematical procedures and computer techniques, Pulsars},
     year = 1998,
    month = sep,
   volume = 58,
   number = 6,
      eid = {063001},
    pages = {063001},
      doi = {10.1103/PhysRevD.58.063001},
   adsurl = {http://adsabs.harvard.edu/abs/1998PhRvD..58f3001J},
  adsnote = {Provided by the SAO/NASA Astrophysics Data System}
}

@ARTICLE{jk05,
   author = {{Jaranowski}, P. and {Kr{\'o}lak}, A.},
    title = "{Gravitational-Wave Data Analysis. Formalism and Sample Applications: The Gaussian Case}",
  journal = {Living Reviews in Relativity},
     year = 2005,
    month = mar,
   volume = 8,
    pages = {3},
   adsurl = {http://adsabs.harvard.edu/abs/2005LRR.....8....3J},
  adsnote = {Provided by the SAO/NASA Astrophysics Data System}
}

@ARTICLE{jk00,
   author = {{Jaranowski}, P. and {Kr{\'o}lak}, A.},
    title = "{Data analysis of gravitational-wave signals from spinning neutron stars. III. Detection statistics and computational requirements}",
  journal = prd,
   eprint = {arXiv:gr-qc/9901013},
 keywords = {Gravitational radiation detectors; mass spectrometers; and other instrumentation and techniques, Gravitational wave detectors and experiments, Mathematical procedures and computer techniques, Pulsars},
     year = 2000,
    month = mar,
   volume = 61,
   number = 6,
      eid = {062001},
    pages = {062001},
      doi = {10.1103/PhysRevD.61.062001},
   adsurl = {http://adsabs.harvard.edu/abs/2000PhRvD..61f2001J},
  adsnote = {Provided by the SAO/NASA Astrophysics Data System}
}

@ARTICLE{cp07,
   author = {{Cornish}, N.~J. and {Porter}, E.~K.},
    title = "{The search for massive black hole binaries with LISA}",
  journal = {Classical and Quantum Gravity},
   eprint = {arXiv:gr-qc/0612091},
     year = 2007,
    month = dec,
   volume = 24,
    pages = {5729-5755},
      doi = {10.1088/0264-9381/24/23/001},
   adsurl = {http://adsabs.harvard.edu/abs/2007CQGra..24.5729C},
  adsnote = {Provided by the SAO/NASA Astrophysics Data System}
}

@ARTICLE{ejm12,
   author = {{Ellis}, J.~A. and {Jenet}, F.~A. and {McLaughlin}, M.~A.},
    title = "{Practical Methods for Continuous Gravitational Wave Detection Using Pulsar Timing Data}",
  journal = apj,
archivePrefix = "arXiv",
   eprint = {1202.0808},
 primaryClass = "astro-ph.IM",
 keywords = {gravitational waves, methods: data analysis, pulsars: general },
     year = 2012,
    month = jul,
   volume = 753,
      eid = {96},
    pages = {96},
      doi = {10.1088/0004-637X/753/2/96},
   adsurl = {http://adsabs.harvard.edu/abs/2012ApJ...753...96E},
  adsnote = {Provided by the SAO/NASA Astrophysics Data System}
}

@PHDTHESIS{d07,
   author = {{Demorest}, P.~B.},
    title = "{Measuring the gravitational wave background using precision pulsar timing}",
 keywords = {Gravitational wave background, Pulsar timing, Radio pulsars, Astronomy signal processors, Interstellar plasma},
   school = {University of California, Berkeley},
     year = 2007,
    month = August,
   adsurl = {http://adsabs.harvard.edu/abs/2007PhDT........14D},
  adsnote = {Provided by the SAO/NASA Astrophysics Data System}
}

@ARTICLE{fhb09,
   author = {{Feroz}, F. and {Hobson}, M.~P. and {Bridges}, M.},
    title = "{MULTINEST: an efficient and robust Bayesian inference tool for cosmology and particle physics}",
  journal = mnras,
archivePrefix = "arXiv",
   eprint = {0809.3437},
 keywords = {methods: data analysis , methods: statistical},
     year = 2009,
    month = oct,
   volume = 398,
    pages = {1601-1614},
      doi = {10.1111/j.1365-2966.2009.14548.x},
   adsurl = {http://adsabs.harvard.edu/abs/2009MNRAS.398.1601F},
  adsnote = {Provided by the SAO/NASA Astrophysics Data System}
}

@ARTICLE{cs05,
   author = {{Cutler}, C. and {Schutz}, B.~F.},
    title = "{Generalized F-statistic: Multiple detectors and multiple gravitational wave pulsars}",
  journal = prd,
   eprint = {arXiv:gr-qc/0504011},
 keywords = {Gravitational radiation detectors; mass spectrometers; and other instrumentation and techniques, Gravitational wave detectors and experiments, Mathematical procedures and computer techniques, Pulsars},
     year = 2005,
    month = sep,
   volume = 72,
   number = 6,
      eid = {063006},
    pages = {063006},
      doi = {10.1103/PhysRevD.72.063006},
   adsurl = {http://adsabs.harvard.edu/abs/2005PhRvD..72f3006C},
  adsnote = {Provided by the SAO/NASA Astrophysics Data System}
}

@ARTICLE{vl10,
   author = {{van Haasteren}, R. and {Levin}, Y.},
    title = "{Gravitational-wave memory and pulsar timing arrays}",
  journal = mnras,
archivePrefix = "arXiv",
   eprint = {0909.0954},
 primaryClass = "astro-ph.IM",
 keywords = {gravitational waves, methods: data analysis, pulsars: general},
     year = 2010,
    month = feb,
   volume = 401,
    pages = {2372-2378},
      doi = {10.1111/j.1365-2966.2009.15885.x},
   adsurl = {http://adsabs.harvard.edu/abs/2010MNRAS.401.2372V},
  adsnote = {Provided by the SAO/NASA Astrophysics Data System}
}

@ARTICLE{ios10,
   author = {{Iguchi}, S. and {Okuda}, T. and {Sudou}, H.},
    title = "{A Very Close Binary Black Hole in a Giant Elliptical Galaxy 3C 66B and its Black Hole Merger}",
  journal = apjl,
archivePrefix = "arXiv",
   eprint = {1011.2647},
 primaryClass = "astro-ph.GA",
 keywords = {black hole physics, galaxies: active, galaxies: elliptical and lenticular, cD, galaxies: formation, galaxies: individual: 3C 66B},
     year = 2010,
    month = dec,
   volume = 724,
    pages = {L166-L170},
      doi = {10.1088/2041-8205/724/2/L166},
   adsurl = {http://adsabs.harvard.edu/abs/2010ApJ...724L.166I},
  adsnote = {Provided by the SAO/NASA Astrophysics Data System}
}

@ARTICLE{fh08,
   author = {{Feroz}, F. and {Hobson}, M.~P.},
    title = "{Multimodal nested sampling: an efficient and robust alternative to Markov Chain Monte Carlo methods for astronomical data analyses}",
  journal = mnras,
archivePrefix = "arXiv",
   eprint = {0704.3704},
 keywords = {methods: data analysis, methods: statistical},
     year = 2008,
    month = feb,
   volume = 384,
    pages = {449-463},
      doi = {10.1111/j.1365-2966.2007.12353.x},
   adsurl = {http://adsabs.harvard.edu/abs/2008MNRAS.384..449F},
  adsnote = {Provided by the SAO/NASA Astrophysics Data System}
}

@ARTICLE{vhl12,
   author = {{van Haasteren}, R. and {Levin}, Y.},
    title = "{Understanding and analysing time-correlated stochastic signals in pulsar timing}",
  journal = {arXiv:1202.5932},
archivePrefix = "arXiv",
   eprint = {1202.5932},
 primaryClass = "astro-ph.IM",
 keywords = {Astrophysics - Instrumentation and Methods for Astrophysics, General Relativity and Quantum Cosmology},
     year = 2012,
    month = feb,
   adsurl = {http://adsabs.harvard.edu/abs/2012arXiv1202.5932V},
  adsnote = {Provided by the SAO/NASA Astrophysics Data System}
}

@ARTICLE{chc+10,
   author = {{Coles}, W. and {Hobbs}, G. and {Champion}, D.~J. and {Manchester}, R.~N. and 
	{Verbiest}, J.~P.~W.},
    title = "{Pulsar timing analysis in the presence of correlated noise}",
  journal = mnras,
archivePrefix = "arXiv",
   eprint = {1107.5366},
 primaryClass = "astro-ph.IM",
 keywords = {methods: data analysis, pulsars: general},
     year = 2011,
    month = nov,
   volume = 418,
    pages = {561-570},
      doi = {10.1111/j.1365-2966.2011.19505.x},
   adsurl = {http://adsabs.harvard.edu/abs/2011MNRAS.418..561C},
  adsnote = {Provided by the SAO/NASA Astrophysics Data System}
}

@ARTICLE{cs12,
   author = {{Cordes}, J.~M. and {Shannon}, R.~M.},
    title = "{Minimum Requirements for Detecting a Stochastic Gravitational Wave Background Using Pulsars}",
  journal = apj,
archivePrefix = "arXiv",
   eprint = {1106.4047},
 primaryClass = "astro-ph.GA",
 keywords = {gravitational waves, pulsars: general, stars: neutron, stars: rotation},
     year = 2012,
    month = may,
   volume = 750,
      eid = {89},
    pages = {89},
      doi = {10.1088/0004-637X/750/2/89},
   adsurl = {http://adsabs.harvard.edu/abs/2012ApJ...750...89C},
  adsnote = {Provided by the SAO/NASA Astrophysics Data System}
}

@ARTICLE{srr+12,
   author = {{Sesana}, A. and {Roedig}, C. and {Reynolds}, M.~T. and {Dotti}, M.
	},
    title = "{Multimessenger astronomy with pulsar timing and X-ray observations of massive black hole binaries}",
  journal = mnras,
archivePrefix = "arXiv",
   eprint = {1107.2927},
 primaryClass = "astro-ph.CO",
 keywords = {accretion, accretion discs, black hole physics, gravitational waves, pulsars: general, X-rays: general},
     year = 2012,
    month = feb,
   volume = 420,
    pages = {860-877},
      doi = {10.1111/j.1365-2966.2011.20097.x},
   adsurl = {http://adsabs.harvard.edu/abs/2012MNRAS.420..860S},
  adsnote = {Provided by the SAO/NASA Astrophysics Data System}
}

@ARTICLE{tmh12,
   author = {{Tanaka}, T. and {Menou}, K. and {Haiman}, Z.},
    title = "{Electromagnetic counterparts of supermassive black hole binaries resolved by pulsar timing arrays}",
  journal = mnras,
archivePrefix = "arXiv",
   eprint = {1107.2937},
 primaryClass = "astro-ph.CO",
 keywords = {accretion, accretion discs, black hole physics, gravitational waves, galaxies: active},
     year = 2012,
    month = feb,
   volume = 420,
    pages = {705-719},
      doi = {10.1111/j.1365-2966.2011.20083.x},
   adsurl = {http://adsabs.harvard.edu/abs/2012MNRAS.420..705T},
  adsnote = {Provided by the SAO/NASA Astrophysics Data System}
}

@ARTICLE{esc12,
   author = {{Ellis}, J.~A. and {Siemens}, X. and {Creighton}, J.~D.~E.},
    title = "{Optimal Strategies for Continuous Gravitational Wave Detection in Pulsar Timing Arrays}",
  journal = apj,
archivePrefix = "arXiv",
   eprint = {1204.4218},
 primaryClass = "astro-ph.IM",
 keywords = {gravitational waves, methods: data analysis, pulsars: general},
     year = 2012,
    month = sep,
   volume = 756,
      eid = {175},
    pages = {175},
      doi = {10.1088/0004-637X/756/2/175},
   adsurl = {http://adsabs.harvard.edu/abs/2012ApJ...756..175E},
  adsnote = {Provided by the SAO/NASA Astrophysics Data System}
}

@ARTICLE{vhj+11,
   author = {{van Haasteren}, R. and {Levin}, Y. and {Janssen}, G.~H. and 
	{Lazaridis}, K. and {Kramer}, M. and {Stappers}, B.~W. and {Desvignes}, G. and 
	{Purver}, M.~B. and {Lyne}, A.~G. and {Ferdman}, R.~D. and {Jessner}, A. and 
	{Cognard}, I. and {Theureau}, G. and {D'Amico}, N. and {Possenti}, A. and 
	{Burgay}, M. and {Corongiu}, A. and {Hessels}, J.~W.~T. and 
	{Smits}, R. and {Verbiest}, J.~P.~W.},
    title = "{Placing limits on the stochastic gravitational-wave background using European Pulsar Timing Array data}",
  journal = mnras,
archivePrefix = "arXiv",
   eprint = {1103.0576},
 primaryClass = "astro-ph.CO",
 keywords = {gravitational waves, methods: data analysis, pulsars: general},
     year = 2011,
    month = jul,
   volume = 414,
    pages = {3117-3128},
      doi = {10.1111/j.1365-2966.2011.18613.x},
   adsurl = {http://adsabs.harvard.edu/abs/2011MNRAS.414.3117V},
  adsnote = {Provided by the SAO/NASA Astrophysics Data System}
}

@ARTICLE{rwh+12,
   author = {{Ravi}, V. and {Wyithe}, J.~S.~B. and {Hobbs}, G. and {Shannon}, R.~M. and 
	{Manchester}, R.~N. and {Yardley}, D.~R.~B. and {Keith}, M.~J.
	},
    title = "{Does a 'stochastic' background of gravitational waves exist in the pulsar timing band?}",
  journal = arXiv:1210.3854,
archivePrefix = "arXiv",
   eprint = {1210.3854},
 primaryClass = "astro-ph.CO",
 keywords = {Astrophysics - Cosmology and Extragalactic Astrophysics, General Relativity and Quantum Cosmology},
     year = 2012,
    month = oct,
   adsurl = {http://adsabs.harvard.edu/abs/2012arXiv1210.3854R},
  adsnote = {Provided by the SAO/NASA Astrophysics Data System}
}

@ARTICLE{vh12,
   author = {{van Haasteren}, R.},
    title = "{Accelerating pulsar timing data analysis}",
  journal = arXiv:1210.0584,
archivePrefix = "arXiv",
   eprint = {1210.0584},
 primaryClass = "astro-ph.IM",
 keywords = {Astrophysics - Instrumentation and Methods for Astrophysics, General Relativity and Quantum Cosmology},
     year = 2012,
    month = oct,
   adsurl = {http://adsabs.harvard.edu/abs/2012arXiv1210.0584V},
  adsnote = {Provided by the SAO/NASA Astrophysics Data System}
}

@ARTICLE{pbs+12,
   author = {{Petiteau}, A. and {Babak}, S. and {Sesana}, A. and {de Araujo}, M.
	},
    title = "{Resolving multiple supermassive black hole binaries with pulsar timing arrays II: genetic algorithm implementation}",
  journal = arXiv:1210.2396,
archivePrefix = "arXiv",
   eprint = {1210.2396},
 primaryClass = "astro-ph.CO",
 keywords = {Astrophysics - Cosmology and Extragalactic Astrophysics},
     year = 2012,
    month = oct,
   adsurl = {http://adsabs.harvard.edu/abs/2012arXiv1210.2396P},
  adsnote = {Provided by the SAO/NASA Astrophysics Data System}
}

@ARTICLE{esc12b,
   author = {{Ellis}, J. and {Siemens}, X. and {Chamberlin}, S.},
    title = "{Results of the First IPTA Closed Mock Data Challenge}",
  journal = arXiv:1210:5274,
archivePrefix = "arXiv",
   eprint = {1210.5274},
 primaryClass = "astro-ph.IM",
 keywords = {Astrophysics - Instrumentation and Methods for Astrophysics, Astrophysics - Cosmology and Extragalactic Astrophysics, Physics - Data Analysis, Statistics and Probability},
     year = 2012,
    month = oct,
   adsurl = {http://adsabs.harvard.edu/abs/2012arXiv1210.5274E},
  adsnote = {Provided by the SAO/NASA Astrophysics Data System}
}

@ARTICLE{ss12,
   author = {{Chamberlin}, S.~J. and {Siemens}, X.},
    title = "{Stochastic backgrounds in alternative theories of gravity: Overlap reduction functions for pulsar timing arrays}",
  journal = prd,
archivePrefix = "arXiv",
   eprint = {1111.5661},
 primaryClass = "astro-ph.HE",
 keywords = {Experimental tests of gravitational theories},
     year = 2012,
    month = apr,
   volume = 85,
   number = 8,
      eid = {082001},
    pages = {082001},
      doi = {10.1103/PhysRevD.85.082001},
   adsurl = {http://adsabs.harvard.edu/abs/2012PhRvD..85h2001C},
  adsnote = {Provided by the SAO/NASA Astrophysics Data System}
}

@ARTICLE{ljp08,
   author = {{Lee}, K.~J. and {Jenet}, F.~A. and {Price}, R.~H.},
    title = "{Pulsar Timing as a Probe of Non-Einsteinian Polarizations of Gravitational Waves}",
  journal = apj,
 keywords = {Gravitational Waves, Stars: Pulsars: General},
     year = 2008,
    month = oct,
   volume = 685,
    pages = {1304-1319},
      doi = {10.1086/591080},
   adsurl = {http://adsabs.harvard.edu/abs/2008ApJ...685.1304L},
  adsnote = {Provided by the SAO/NASA Astrophysics Data System}
}

@ARTICLE{ljp+10,
   author = {{Lee}, K. and {Jenet}, F.~A. and {Price}, R.~H. and {Wex}, N. and 
	{Kramer}, M.},
    title = "{Detecting Massive Gravitons Using Pulsar Timing Arrays}",
  journal = apj,
archivePrefix = "arXiv",
   eprint = {1008.2561},
 primaryClass = "astro-ph.HE",
 keywords = {elementary particles, gravitational waves, pulsars: general},
     year = 2010,
    month = oct,
   volume = 722,
    pages = {1589-1597},
      doi = {10.1088/0004-637X/722/2/1589},
   adsurl = {http://adsabs.harvard.edu/abs/2010ApJ...722.1589L},
  adsnote = {Provided by the SAO/NASA Astrophysics Data System}
}

@ARTICLE{cs10,
   author = {{Cordes}, J.~M. and {Shannon}, R.~M.},
    title = "{A Measurement Model for Precision Pulsar Timing}",
  journal = arXiv:1010.3785,
archivePrefix = "arXiv",
   eprint = {1010.3785},
 primaryClass = "astro-ph.IM",
 keywords = {Astrophysics - Instrumentation and Methods for Astrophysics, Astrophysics - Galaxy Astrophysics},
     year = 2010,
    month = oct,
   adsurl = {http://adsabs.harvard.edu/abs/2010arXiv1010.3785C},
  adsnote = {Provided by the SAO/NASA Astrophysics Data System}
}

@article{Cordes:2012zz,
      author         = "Cordes, J.M. and Jenet, F.A.",
      title          = "{Detecting gravitational wave memory with pulsar timing}",
      journal        = "Astrophys.J.",
      volume         = "752",
      pages          = "54",
      doi            = "10.1088/0004-637X/752/1/54",
      year           = "2012",
      SLACcitation   = "%%CITATION = ASJOA,752,54;%%",
}



@article{Cordes:2011vg,
      author         = "Cordes, J.M. and Shannon, R.M.",
      title          = "{Minimum Requirements for Detecting a Stochastic
                        Gravitational Wave Background Using Pulsars}",
      journal        = "Astrophys.J.",
      volume         = "750",
      pages          = "89",
      doi            = "10.1088/0004-637X/750/2/89",
      year           = "2012",
      eprint         = "1106.4047",
      archivePrefix  = "arXiv",
      primaryClass   = "astro-ph.GA",
      SLACcitation   = "%%CITATION = ARXIV:1106.4047;%%",
}


@article{McWilliams:2012jj,
      author         = "McWilliams, Sean T. and Ostriker, Jeremiah P. and
                        Pretorius, Frans",
      title          = "{The imminent detection of gravitational waves from
                        massive black-hole binaries with pulsar timing arrays}",
      year           = "2012",
      eprint         = "1211.4590",
      archivePrefix  = "arXiv",
      primaryClass   = "astro-ph.CO",
      SLACcitation   = "%%CITATION = ARXIV:1211.4590;%%",
}

@article{Lentati:2012xb,
      author         = "Lentati, Lindley and Alexander, Paul and Hobson, Michael
                        P. and Taylor, Stephen and Balan, Sreekumar T.",
      title          = "{A Hyper-Efficient Method for the Analysis of Pulsar
                        Timing Data}",
      year           = "2012",
      eprint         = "1210.3578",
      archivePrefix  = "arXiv",
      primaryClass   = "astro-ph.IM",
      SLACcitation   = "%%CITATION = ARXIV:1210.3578;%%",
}
@article{Taylor:2012vx,
      author         = "Taylor, Stephen R. and Gair, Jonathan R. and Lentati, L.",
      title          = "{Using Swarm Intelligence To Accelerate Pulsar Timing
                        Analysis}",
      year           = "2012",
      eprint         = "1210.3489",
      archivePrefix  = "arXiv",
      primaryClass   = "astro-ph.IM",
      SLACcitation   = "%%CITATION = ARXIV:1210.3489;%%",
}
@article{Mingarelli:2012hh,
      author         = "Mingarelli, C.M.F. and Grover, K. and Sidery, T. and
                        Smith, R.J.E. and Vecchio, A.",
      title          = "{Observing the dynamics of super-massive black hole
                        binaries with Pulsar Timing Arrays}",
      journal        = "Phys.Rev.Lett.",
      volume         = "109",
      pages          = "081104",
      doi            = "10.1103/PhysRevLett.109.081104",
      year           = "2012",
      eprint         = "1207.5645",
      archivePrefix  = "arXiv",
      primaryClass   = "astro-ph.HE",
      SLACcitation   = "%%CITATION = ARXIV:1207.5645;%%",
}


@article{Waldman:2011vg,
      author         = "Waldman, S.J.",
      title          = "{The Advanced LIGO Gravitational Wave Detector}",
      collaboration  = "LIGO Scientific Collaboration",
      year           = "2011",
      eprint         = "1103.2728",
      archivePrefix  = "arXiv",
      primaryClass   = "gr-qc",
      reportNumber   = "LIGO-P0900115-V2",
      SLACcitation   = "%%CITATION = ARXIV:1103.2728;%%",
      
}

@ARTICLE{s13,
   author = {{Sesana}, A.},
    title = "{Systematic investigation of the expected gravitational wave signal from supermassive black hole binaries in the pulsar timing band}",
  journal = {arXiv:1211.5375},
archivePrefix = "arXiv",
   eprint = {1211.5375},
 primaryClass = "astro-ph.CO",
 keywords = {Astrophysics - Cosmology and Extragalactic Astrophysics, General Relativity and Quantum Cosmology},
     year = 2012,
    month = nov,
   adsurl = {http://adsabs.harvard.edu/abs/2012arXiv1211.5375S},
  adsnote = {Provided by the SAO/NASA Astrophysics Data System}
}

@article{twdw92,
  author   = {Taylor, J.H. and Wolszczan, A. and Damour, T. and Weisberg, J.M.},
  doi      = {10.1038/355132a0},
  format   = {print},
  journal  = {Nature},
  keywords = {Pulsars, Radio astronomy, Tests of relativistic gravity},
  pages    = {132--136},
  title    = {Experimental constraints on strong-field relativistic gravity},
  volume   = {355},
  year     = {1992}
}

@ARTICLE{esvh13,
   author = {{Ellis}, J. A. and {Siemens}, X. and {van Haasteren}, R.},
    title = "{An Efficient Approximation to the Likelihood for Gravitational Wave Stochastic Background Detection Using Pulsar Timing Data}",
  journal = {in preparation},
  year= {2013}
}














